@article{DeSchryver,
 author = {De Schryver, Christian and Schmidt, Daniel and Wehn, Norbert and Korn, Elke and Marxen, Henning and Kostiuk, Anton and Korn, Ralf},
 title = {A Hardware Efficient Random Number Generator for Nonuniform Distributions with Arbitrary Precision},
 journal = {Int. J. Reconfig. Comput.},
 issue_date = {January 2012},
 volume = {2012},
 month = jan,
 year = {2012},
 issn = {1687-7195},
 pages = {12:12--12:12},
 articleno = {12},
 numpages = {1},
 url = {http://dx.doi.org/10.1155/2012/675130},
 doi = {10.1155/2012/675130},
 acmid = {2213819},
 publisher = {Hindawi Publishing Corp.},
 address = {New York, NY, United States},
}

@article{Choi2018GuaranteeingLD,
  title={Guaranteeing Local Differential Privacy on Ultra-Low-Power Systems},
  author={Woo-Seok Choi and Matthew Tomei and Jose Rodrigo Sanchez Vicarte and Pavan Kumar Hanumolu and Rakesh Kumar},
  journal={2018 ACM/IEEE 45th Annual International Symposium on Computer Architecture (ISCA)},
  year={2018},
  pages={561-574}
}
